@misc{
    W체rz_Gebauer_2022, 
    title={OPERATING MANUAL FOR THE PAYONE P2PE SOLUTION}, 
    publisher={PayOne GmbH}, 
    author={W체rz, Thomas and Gebauer, Stefan}, 
    year={2022}, month={Nov}
}

@misc{
    Schlosser_Ehm_2023, 
    title={Absprache der Endger채tewahl bei Einsatz von Bizagi im Rahmen der Sichtpr체fung und Inventur der EFTs}, 
    author={Schlosser, Kilian and Ehm, Marc}, 
    year={2023}, month={May}
} 
